% This file was created with JabRef 2.10.
% Encoding: UTF8


@TechReport{Yuanxum,
  Title                    = {Lattice Boltzmann Method for Fluid Simulations},
  Author                   = {Y. B. Bao and J. Meskas},
  Institution              = {Department of Mathematics, Courant Institute of Mathematical Sciences},
  Year                     = {2011},

  Owner                    = {Grzegorz},
  Timestamp                = {2016.02.18},
  Url                      = {http://www.cims.nyu.edu/~billbao/report930.pdf}
}

@Book{Cercignani1988,
  Title                    = {The Boltzmann Equation and Its Application},
  Author                   = {C. Cercignani},
  Publisher                = {Springer},
  Year                     = {1988},

  Owner                    = {Grzegorz},
  Timestamp                = {2016.03.19}
}

@Article{Dellar,
  Title                    = {Incompressible limits of lattice Boltzmann equations using multiple relaxation times},
  Author                   = {Paul J. Dellar},
  Journal                  = {OCIAM, Mathematical Institute},
  Year                     = {2003},

  Owner                    = {Grzegorz},
  Timestamp                = {2016.02.17}
}

@Book{DieterWolfGladrow,
  Title                    = {Lattice Gas Cellular Automata and Lattice Boltzmann Models},
  Author                   = {Dieter A. Wolf Gladrow},
  Publisher                = {Springer},
  Year                     = {2000},

  Owner                    = {Grzegorz},
  Timestamp                = {2016.03.16}
}

@Book{Jeffreys1956,
  Title                    = {Methods of Mathematical Physics},
  Author                   = {H. and B. S. Jeffreys},
  Publisher                = {Cambridge University Press},
  Year                     = {1956},

  Owner                    = {Grzegorz},
  Timestamp                = {2016.03.20}
}

@Article{Tapenade,
  Title                    = {The Tapenade Automatic Differentiation tool: principles, model, and specification},
  Author                   = {L. Hascoet and V. Pascual},
  Journal                  = {ACM Transactions on Mathematical Software, Association for Computing
Machinery},
  Year                     = {2013},

  Owner                    = {Grzegorz},
  Timestamp                = {2016.06.11},
  Url                      = {https://hal.inria.fr/hal-00913983}
}

@Article{Hekmat_Mirzaei_MacroMicroAdjConcept,
  Title                    = {Extraction of macroscopic and microscopic adjoint concept using a lattice boltzmann method and discrete approach},
  Author                   = {M. H. Hekmat and M. Mirzaei},
  Journal                  = {Physical Review E},
  Year                     = {2015},
  Number                   = {1},
  Pages                    = {013303},
  Volume                   = {9},

  Owner                    = {Grzegorz},
  Timestamp                = {2016.06.11}
}

@Article{MHH_MMirzaei_adj_cont_vs_discrete_2015,
  Title                    = {A comparison of the continuous and discrete adjoint
approach extended based on the standard lattice Boltzmann
method in flow field inverse optimization problems},
  Author                   = {M. H. Hekmat and M. Mirzaei},
  Journal                  = {Springer-Verlag},
  Year                     = {2015},
  Number                   = {DOI 10.1007/s00707-015-1509-x},
  Pages                    = {1025–1050},
  Volume                   = {Acta Mech 227},

  Owner                    = {Grzegorz},
  Timestamp                = {2016.06.16}
}

@Article{Hekmat_Mirzaei_adjointLBdev,
  Title                    = {Development od discrete adjoint approach based on the lattice boltzmann method.},
  Author                   = {M. H. Hekmat and M. Mirzaei},
  Journal                  = {Adwanced in Mechanical Engineering},
  Year                     = {2014},
  Pages                    = {230854},
  Volume                   = {6},

  Doi                      = {10.1155/2014/230854},
  Owner                    = {Grzegorz},
  Timestamp                = {2016.06.11},
  Url                      = {http://ade.sagepub.com/content/6/230854.full}
}

@Article{Krausse_ParallelFluid,
  Title                    = {Parallel Fluid Flow Control and Optimisation with Lattice Boltzmann Methods and Automatic Differentiation.},
  Author                   = {M. J. Krause and V. Heuveline},
  Journal                  = {Computers \& Fluids},
  Year                     = {2013},
  Pages                    = {28-36},
  Volume                   = {80},

  Owner                    = {Grzegorz},
  Timestamp                = {2016.06.12}
}

@Article{Krause_adjBasedFloidFlowControl,
  Title                    = {Adjoint-based fluid flow control and optimisation with lattice Boltzmann methods},
  Author                   = {M. J. Krause and G. Thater and V. Heuveline},
  Journal                  = {Computers \& Mathematics with Applications},
  Year                     = {2013},
  Number                   = {6},
  Pages                    = {945-960},
  Volume                   = {65},

  Owner                    = {Grzegorz},
  Timestamp                = {2016.06.11}
}

@Article{Tekitek_adjoint,
  Title                    = {Adjoint Lattice Boltzmann Equation for Parameter
Identification},
  Author                   = {Mohamed Mahdi Tekitek{,} M’Hamed Bouzidi{,} Fran¸cois Dubois{,} Pierre Lallemand},
  Journal                  = {Elsevier},
  Year                     = {2006},
  Pages                    = {805-813},
  Volume                   = {Computers and Fluids 35 (8-9)},

  Owner                    = {Grzegorz},
  Timestamp                = {2016.06.16},
  Url                      = {https://hal.archives-ouvertes.fr/hal-01016184/document}
}

@Book{Mohamad,
  Title                    = {Lattice Boltzmann Method
Fundamentals and Engineering Applications with Computer Code},
  Author                   = {A. A. Mohamad},
  Publisher                = {Springer},
  Year                     = {2011},

  Owner                    = {Grzegorz},
  Timestamp                = {2016.02.18}
}

@MastersThesis{WRegulski_MSc,
  Title                    = {Simulation of flow past an obstacle in a two-dimensional channel with the use of the Lattice Boltzmann Method},
  Author                   = {W. Regulski},
  School                   = {Warsaw Universisty of Technology, Faculty of Power and Aeronautical Engineering},
  Year                     = {2010},
  Type                     = {MSc thesis},

  Owner                    = {Grzegorz},
  Timestamp                = {2016.04.02}
}

@Article{StrouhalConfinedFlows,
  Title                    = {Numerical simulation of confined flows pas obstacles, the comparative study of Lattice Boltzmann ans Spectral Element Methods},
  Author                   = {W. Regulski and J. Szumbarski},
  Journal                  = {Archives of Mechanics},
  Year                     = {2012},
  Number                   = {4},
  Pages                    = {423-456},
  Volume                   = {64},

  Owner                    = {Grzegorz},
  Timestamp                = {2016.02.23}
}

@Article{Multi_CPUGPU_LB,
  Title                    = {Multi-thread implementations of the lattice Boltzmann method on non-uniform grids for CPUs and GPUs},
  Author                   = {M. Schonherr and K. Kucher and M. Geier and M. Stiebler and S. Freudiger and M. Krafczyk},
  Journal                  = {Computers and Mathematics with Applications Volume 61, Issue 12},
  Year                     = {2011},

  Owner                    = {Grzegorz},
  Timestamp                = {2016.06.12}
}

@Article{MassivelyParallelLBM_NonUniformGrids_2015,
  Title                    = {Massively Parallel Algorithms for the Lattice Boltzmann Method on non-uniform Grids},
  Author                   = {F. Schornbaum and U. Rude},
  Journal                  = {SIAM Journal on Scientific Computing},
  Year                     = {2015},
  Pages                    = {96-126},
  Volume                   = {38(2)},

  Doi                      = {10.1137/15M1035240},
  Institution              = {Friedrich-Alexander-Universitat Erlangen-Nurnberg, Erlangen,
Germany},
  Owner                    = {Grzegorz},
  Timestamp                = {2016.06.12},
  Url                      = {http://arxiv.org/pdf/1508.07982.pdf}
}

@Article{SterlingChen,
  Title                    = {Stability analysis of lattice Boltzmann methods},
  Author                   = {J.D. Sterling and S. Chen},
  Journal                  = {Journal of Computational Physics},
  Year                     = {1996},
  Number                   = {1},
  Pages                    = {196-206},
  Volume                   = {123},

  Owner                    = {Grzegorz},
  Timestamp                = {2016.03.20}
}

@Book{LBM_introForEngineers,
  Title                    = {Lattice Boltzmann Modeling. An Introduction for Geoscientists and Engineers.},
  Author                   = {M.C. Sukop and D. T. Thorne},
  Publisher                = {Springer},
  Year                     = {2006},

  Journal                  = {Springer},
  Owner                    = {Grzegorz},
  Timestamp                = {2016.04.02}
}

@Electronic{R_Language,
  Title                    = {R: A language and Enviroment for Statistical Computing},

  Address                  = {Vienna, Austria},
  Author                   = {R Core Team},
  Url                      = {https://www.r-project.org/},
  Year                     = {2013},

  Owner                    = {Grzegorz},
  Timestamp                = {2016.06.11}
}

@Article{Wolfram1986,
  Title                    = {Cellurar Automata Fluid 1: Basic Theory},
  Author                   = {S. Wolfram},
  Journal                  = {Journal of statistical physics},
  Year                     = {1986},
  Number                   = {3-4},
  Pages                    = {471-526},
  Volume                   = {45},

  Owner                    = {Grzegorz},
  Timestamp                = {2016.03.20}
}

@Article{ZouHe,
  Title                    = {Pressure and Velocity boundary conditions for the lattice Boltzmann},
  Author                   = {Q. Zou and X. He},
  Journal                  = {Physics of Fluids},
  Year                     = {1997},
  Number                   = {6},
  Pages                    = {1591-1598},
  Volume                   = {9},

  Owner                    = {Grzegorz},
  Timestamp                = {2016.02.18}
}

@PhdThesis{phd_laniewski,
  Title                    = {Adjoint Lattice Boltzmann for Topology Optimalization and Optimal Control on multi-GPU Architecture},
  Author                   = {Ł. Łaniewski-Wołłk},
  School                   = {Warsaw Universisty of Technology, Faculty of Power and Aeronautical Engineering},
  Year                     = {2016 (in preparation)},

  Owner                    = {Grzegorz},
  Timestamp                = {2016.03.01}
}

@Electronic{R_Template,
  Title                    = {R-Template Tool},
  Author                   = {Ł. Łaniewski-Wołłk},
  Url                      = {https://github.com/llaniewski/rtemplate},
  Year                     = {2014},

  Owner                    = {Grzegorz},
  Timestamp                = {2016.06.11}
}

@Electronic{TCLB,
  Title                    = {TCLB},
  Author                   = {Ł. Łaniewski-Wołłk and M. Dzikowski and others},
  Organization             = {C-CFD Group at Warsaw University of Technology},
  Url                      = {https://github.com/CFD-GO/TCLB},
  Year                     = {2012},

  Owner                    = {Grzegorz},
  Timestamp                = {2016.06.11}
}

@Article{LLW_TCLB_elsevier,
  Title                    = {Adjoint Lattice Boltzmann for Topology Optimization on multi-GPU architecture},
  Author                   = {Ł. Łaniewski-Wołłk and J. Rokicki},
  Journal                  = {Computers \& Mathematics with Applications},
  Year                     = {2016},
  Number                   = {3},
  Pages                    = {833–848},
  Volume                   = {71},

  Keywords                 = {Lattice Boltzmann Method; adjoint; optimization},
  Owner                    = {Grzegorz},
  Timestamp                = {2016.06.09}
}

@Electronic{NLopt,
  Title                    = {NLopt},
  Url                      = {http://ab-initio.mit.edu/wiki/index.php/NLopt},

  Owner                    = {Grzegorz},
  Timestamp                = {2016.06.11}
}

@Electronic{ParetoFront_Figure,
  Address                  = {Gaston Geenslaan, 11 B4
3001 Leuven | Belgium},
  Organization             = {Noesis Solutions},
  Url                      = {http://www.noesissolutions.com/Noesis/design-optimization/optimize/multi-objective-optimization},

  Owner                    = {Grzegorz},
  Timestamp                = {2016.06.15}
}

