@book{Luckham:2001:PEI:515781,
 author = {Luckham, David C.},
 title = {The  Power of Events: An Introduction to Complex Event Processing in Distributed Enterprise Systems},
 year = {2001},
 isbn = {0201727897},
 publisher = {Addison-Wesley Longman Publishing Co., Inc.},
 address = {Boston, MA, USA},
} 

@INPROCEEDINGS{7810114,
author={D. M. Batista and A. Goldman and R. Hirata and F. Kon and F. M. Costa and M. Endler},
booktitle={2016 7th International Conference on the Network of the Future (NOF)},
title={InterSCity: Addressing Future Internet research challenges for Smart Cities},
year={2016},
volume={},
number={},
pages={1-6},
doi={10.1109/NOF.2016.7810114},
ISSN={},
month={Nov},}